<record><leader>00000cas a22000007a 4500</leader><controlfield tag="001">34898573</controlfield><controlfield tag="008">960608d19031904okuwr n       0    0eng d</controlfield><datafield ind1=" " ind2=" " tag="010"><subfield code="a">sn 96087844 </subfield></datafield><datafield ind1=" " ind2=" " tag="040"><subfield code="a">OBN</subfield><subfield code="b">eng</subfield><subfield code="c">OBN</subfield><subfield code="d">OCLCQ</subfield><subfield code="d">OCLCO</subfield></datafield><datafield ind1=" " ind2=" " tag="043"><subfield code="a">n-us-ok</subfield></datafield><datafield ind1="0" ind2="4" tag="245"><subfield code="a">The Heavener globe.</subfield></datafield><datafield ind1="3" ind2=" " tag="246"><subfield code="a">Globe</subfield></datafield><datafield ind1=" " ind2=" " tag="260"><subfield code="a">Heavener, I.T. [Okla.] :</subfield><subfield code="b">S.A. Leming</subfield></datafield><datafield ind1=" " ind2=" " tag="300"><subfield code="a">v.</subfield></datafield><datafield ind1=" " ind2=" " tag="310"><subfield code="a">Weekly</subfield></datafield><datafield ind1="1" ind2=" " tag="362"><subfield code="a">Began in 1903; ceased in 1904.</subfield></datafield><datafield ind1=" " ind2=" " tag="588"><subfield code="a">Description based on: Vol. 2, no. 28 (June 3, 1904).</subfield></datafield><datafield ind1=" " ind2="0" tag="651"><subfield code="a">Heavener (Okla.)</subfield><subfield code="v">Newspapers.</subfield></datafield><datafield ind1=" " ind2="0" tag="651"><subfield code="a">Le Flore County (Okla.)</subfield><subfield code="v">Newspapers.</subfield></datafield><datafield ind1=" " ind2="0" tag="651"><subfield code="a">Indian Territory</subfield><subfield code="v">Newspapers.</subfield></datafield><datafield ind1=" " ind2=" " tag="752"><subfield code="a">United States</subfield><subfield code="b">Oklahoma</subfield><subfield code="c">Leflore</subfield><subfield code="d">Heavener.</subfield></datafield><datafield ind1="0" ind2="0" tag="780"><subfield code="t">Heavener clipper</subfield><subfield code="w">(DLC)sn 96087845</subfield><subfield code="w">(OCoLC)34898583</subfield></datafield></record>